2207 2954
567 91 588 130 1
626 92 672 130 M
709 89 741 127 P
777 92 810 131 E
842 90 882 130 R
913 90 933 129 1
963 91 1002 133 v
1035 92 1100 131 M.
1496 89 1613 161 209

143 163 202 229 Si
221 161 371 228 mihi
389 184 513 224 non
535 161 1053 239 credi3‚rnorientis
1072 184 1283 224 omnes
1305 168 1360 224 ὃ(
1379 165 1504 225 nati
1521 163 1612 227 so-

50 255 120 319 lis
156 261 542 346 Imperatores
582 258 879 342 interroga
899 284 914 332 3
951 261 1006 317 δέ
1036 277 1160 315 uno
1181 251 1355 317 fimul
1392 277 1492 317 ore
1523 280 1606 319 re·
1624 260 1776 350 modjm

46 346 426 438 spondebunt
445 345 692 427 ‚eodem
713 343 768 408 se
784 344 926 408 calle
956 345 1027 408 ad
1048 349 1283 411 ruinam
1311 355 1366 409 &
1397 348 1468 410 ad
1494 351 1688 412 lin-tor,

40 445 274 534 perium
294 435 619 502 ascendisse.
654 437 846 519 Quod
883 437 922 502 fi
956 437 1242 502 omnibus
1280 438 1609 504 innotesce-

40 552 161 614 ret,
190 555 315 595 non
347 528 686 594 diffiderent
706 528 927 593 Thebis
948 583 964 613 ,
996 535 1180 597 etiam
1210 529 1536 597 amborum
1572 535 1606 597 a

38 644 237 689 morte
257 680 271 708 ‚
294 621 376 688 ob
394 627 566 688 unius
584 623 790 713 sceptri
810 626 1078 714 regimen
1094 622 1297 690 fratres
1315 623 1438 688 duo
1461 656 1477 707 3
1505 624 1601 689 sed

36 717 204 808 plura
209 721 337 805 jam
353 715 539 780 dubio
556 714 760 806 procul
781 738 960 805 regna
976 713 1380 806 forent‚quam
1396 721 1598 809 Reges,
1612 768 1617 772 -

128 808 536 875 Clariffimum
554 832 784 872 nomen
799 812 1123 899 Imperium
1145 808 1246 891 est,
1261 810 1355 876 sed
1374 809 1596 876 duriffi-

33 926 208 966 mum
227 926 461 968 munus
487 904 636 965 Non
657 899 890 966 habitat
906 902 1179 992 voluptas
1199 906 1261 967 in
1278 903 1463 967 arduo
1480 959 1498 987 ‚
1515 904 1596 969 la-

31 991 190 1058 boris
216 993 396 1059 hostis
414 994 514 1076 est,
531 998 745 1083 quietis
762 997 986 1076 amica,
1005 1017 1192 1084 quam
1226 1015 1451 1061 certum
1489 996 1592 1082 est,

29 1091 437 1179 omnium,qui
453 1090 688 1177 egregio
703 1083 944 1177 publico
963 1084 1592 1180 studusrefflrincipum

26 1177 285 1244 evenisse
301 1180 582 1244 hactenus
606 1181 849 1244 nemini.

116 1276 281 1338 Hinc
299 1270 479 1353 bello,
496 1270 634 1334 inde
650 1274 799 1359 paci,
821 1267 1032 1335 isthinc
1048 1276 1247 1336 aerario
1267 1273 1583 1365 invigilan-
1597 1346 1639 1372 cu
1674 1296 1695 1322 0

24 1361 171 1429 dum
190 1364 304 1448 est,
319 1364 360 1430 fi
379 1388 507 1428 non
527 1367 641 1427 tuis
660 1415 676 1444 ,
694 1361 897 1427 alienis
914 1356 1048 1427 sane
1064 1417 1081 1446 ,
1099 1388 1176 1428 ne
1208 1385 1264 1428 te
1286 1369 1398 1429 tuis
1421 1392 1581 1434 ever·
1640 1349 1694 1374 Μ’

26 1474 165 1520 tant.
179 1459 309 1521 Nec
324 1456 716 1547 tamen‚quod
737 1454 1051 1546 peffimum
1070 1481 1218 1540 reor,
1236 1482 1339 1548 par
1355 1459 1583 1551 semper

21 1549 346 1623 lnecessitati
377 1550 679 1613 thesaurus
716 1547 815 1611 est.
847 1552 1055 1612 Nemo
1089 1551 1461 1641 Principibus
1492 1555 1580 1616 di-

32 1643 343 1725 :ior‚nemo
363 1645 688 1731 pauperior:
708 1636 1005 1702 effundere
1027 1649 1396 1732 cogunturin
1414 1643 1580 1728 alios,

35 1754 144 1821 quo
160 1732 362 1823 saepius
382 1732 614 1822 ipsimet
631 1753 829 1795 carent
844 1735 1399 1828 autiudigent3atq3
1421 1737 1569 1803 adeo

38 1825 89 1887 td
108 1830 312 1915 opima
326 1826 400 1887 de
416 1823 805 1913 optimatibus
820 1823 1005 1913 spolia
1021 1879 1036 1909 ‚
1053 1829 1126 1891 ad
1158 1828 1563 1895 intolerabiles

40 1913 129 1980 'ere
149 1922 180 1980 a
197 1916 437 1981 subditis
460 1918 796 2008 largitiones
814 1972 829 2001 ‚
845 1915 917 1978 ad
936 1921 1182 2007 privatas
1200 1924 1565 2008 inimicitias,

1 2031 6 2059 τ
43 2021 70 2070 'c
88 2011 226 2073 odia
244 2008 479 2099 publica
498 2063 514 2091 ‚
530 2013 600 2075 ad
618 2009 772 2073 bella
789 2009 981 2076 civilia
996 2066 1013 2093 ,
1032 2012 1104 2074 ad
1122 2013 1283 2079 suam
1304 2014 1560 2106 denique

0 2112 9 2130 ”
47 2123 67 2162 t
84 2107 247 2194 regni
265 2106 583 2192 perniciem
601 2104 939 2194 adiguntur,
954 2103 1046 2168 vel
1062 2109 1241 2169 etiarn
1260 2111 1452 2173 inviti.

0 2190 10 2231 ³·
96 2198 187 2259 Sic
219 2199 507 2259 nimirum
540 2203 594 2258 ὃ(
623 2201 828 2287 ignem
860 2196 1031 2260 suum
1065 2197 1250 2263 habet
1283 2226 1555 2291 purpura,

8 2299 14 2308 ’
52 2287 101 2349 :d
121 2310 401 2353 arcanum
416 2321 433 2370 3
449 2285 522 2352 fic
535 2288 660 2355 aliis
674 2312 807 2356 non
823 2285 929 2353 fibi
946 2290 1103 2356 lucet
1118 2299 1177 2356 δε
1191 2297 1354 2359 ardet
1369 2293 1555 2384 splen-

0 2376 18 2419 κ
49 2384 384 2471 vorlmperii.

14 1310 18 1355 1

881 2664 941 2724 D
962 2658 998 2723 d
1421 2666 1556 2727 VA-
